@misc{gems1,
	title="GPU Gems. Chapter 1. Effective Water Simulation from Physical Models [Электронный ресурс]",
	howpublished="Режим доступа: \url{https://developer.download.nvidia.com/books/HTML/gpugems/gpugems_ch01.html} (дата обращения: 13.08.2020)"
}

@misc{gems2,
	title="GPU Gems. Chapter 18. Using Vertex Texture Displacement for Realistic Water Rendering [Электронный ресурс]",
	howpublished="Режим доступа: \url{https://developer.nvidia.com/gpugems/gpugems2/part-ii-shading-lighting-and-shadows/chapter-18-using-vertex-texture-displacement} (дата обращения: 18.08.2020)"
}



@misc{gems3,
	title="GPU Gems. Chapter 30. Real-Time Simulation and Rendering of 3D Fluids [Электронный ресурс]",
	howpublished="Режим доступа: \url{https://developer.nvidia.com/gpugems/gpugems3/part-v-physics-simulation/chapter-30-real-time-simulation-and-rendering-3d-fluids} (дата обращения: 18.08.2020)"
}


@misc{lamb,
	title="Lambertian Model [Электронный ресурс]",
	howpublished="Режим доступа: \url{https://www.sciencedirect.com/topics/computer-science/lambertian-model} (дата обращения: 25.01.2021)"
}




@misc{book1,
	title="ШлееМ. Qt 5.10. Профессиональное программирование на С++.",
	year=2018
}

@manual {
	cpp,
	organization="{ISO}",
	title="ISO/IEC 14882:2020 Programming languages — C++."
}

@misc{roberts,
	title="D. F. Rogers. Procedural Elements for Computer Graphics. 2nd ed. стр. 250-290",
	year=1998
}

@misc{varnoka,
	title="D. F. Rogers. Procedural Elements for Computer Graphics. 2nd ed. стр. 290-315",
	year=1998
}

@misc{z-buffer,
	title="D. F. Rogers. Procedural Elements for Computer Graphics. 2nd ed. стр. 321-329",
	year=1998
}


@misc{guro,
	title="D. F. Rogers. Procedural Elements for Computer Graphics. 2nd ed. стр. 391",
	year=1998
}

@misc{fong,
	title="D. F. Rogers. Procedural Elements for Computer Graphics. 2nd ed. стр. 394",
	year=1998
}


@misc{kur,
	title="Куров А.В., Якиль К.А. Моделирование волн на поверхности жидкости.
	Инженерный журнал: наука и инновации",
	year=2013,
	howpublished="Режим доступа: \url{http://engjournal.ru/catalog/it/hidden/773.html}"
}



@misc{kg,
	title="Е. А. Снижко. Компьютерная геометрия и графика [Текст].17с.",
	year=2005
}


@misc{qt,
	title="WHY Qt? [электронный ресурс]",
	howpublished="Режим доступа: \url{	https://www.qt.io/why-qt} (дата обращения: 05.02.2021)"
	
}

@misc{qtc,
	title="Qt Creator [электронный ресурс]",
	howpublished="Режим доступа: \url{	https://www.qt.io/product/development-tools} (дата обращения: 05.02.2021)"
	
}

@misc{gdb,
	title="GDB: The GNU Project Debugger [электронный ресурс]",
	howpublished="Режим доступа: \url{	https://www.gnu.org/software/gdb/} (дата обращения: 05.02.2021)"
	
}


@misc{lagr,
	title="A. M. Balk, A Lagrangian for water waves.",
	year=1996
}
